@article{algwstepbystep, 
	title={Algorithm W Step by Step}, 
	author={Grabm{\"u}ller, Martin}
	}


@inproceedings{Damas:1982:PTF:582153.582176,
 author = {Damas, Luis and Milner, Robin},
 title = {Principal Type-schemes for Functional Programs},
 booktitle = {Proceedings of the 9th ACM SIGPLAN-SIGACT Symposium on Principles of Programming Languages},
 series = {POPL '82},
 year = {1982},
 isbn = {0-89791-065-6},
 location = {Albuquerque, New Mexico},
 pages = {207--212},
 numpages = {6},
 url = {http://doi.acm.org/10.1145/582153.582176},
 doi = {10.1145/582153.582176},
 acmid = {582176},
 publisher = {ACM},
 address = {New York, NY, USA},
} 


@article{Lee:1998:PFL:291891.291892,
 author = {Lee, Oukseh and Yi, Kwangkeun},
 title = {Proofs About a Folklore Let-polymorphic Type Inference Algorithm},
 journal = {ACM Trans. Program. Lang. Syst.},
 issue_date = {July 1998},
 volume = {20},
 number = {4},
 month = jul,
 year = {1998},
 issn = {0164-0925},
 pages = {707--723},
 numpages = {17},
 url = {http://doi.acm.org/10.1145/291891.291892},
 doi = {10.1145/291891.291892},
 acmid = {291892},
 publisher = {ACM},
 address = {New York, NY, USA},
 keywords = {type error, type inference algorithm},
}